%% This BibTex bibliography file was created by Michael Shepherd on Feb. 18, 2018

@article{herron2015race,
  title={Race, Shelby County, and the Voter Information Verification Act in North Carolina},
  author={Herron, Michael C. and Smith, Daniel A.},
  journal={Fla. St. UL Rev.},
  volume={43},
  pages={465},
  year={2015},
  publisher={HeinOnline}
}

@article{anollnorms,
  title={What Makes a Good Neighbor? Race, Place, and Norms of Political Action},
  author={Anoll, Allison},
  year={2018},
  journal={American Political Science Review}
}

@article{kropfPAR,
  title={Representative Bureaucracy and Partisanship: The Implementation of Election Law},
  author={Kropf, Martha, Timothy Vercellotti and David C. Kimball},
  year={2012},
  journal={Public Administration Review}
}

@article{newkirkAtlantic,
  title={What Early Voting in North Carolina Actually Reveals},
  author={Newkirk II, Vann R.},
  year={2016},
  journal={The Atlantic},
  urldate = {2016-11-08},
  note = "[Accessed April 10, 2020]",
  url = {https://www.theatlantic.com/politics/archive/2016/11/north-carolina-early-voting/506963/}
}




@article{merivaki,
  title={Our Voter Rolls are Cleaner than Yours: Balancing Access and Integrity in Voter List Maintenance},
  author={Merivaki, Thessalia},
  year={2020},
  journal={Working Paper}
}

@article{nytimesprecinctchanges,
  title={Mistrust in North Carolina Over Plan to Reduce Precincts},
  author={Fausset, Richard},
  year={2014},
  urldate = {2020-05-16},
  journal={New York Times},
  note = "[Accessed February 22, 2020]",
  url = {https://www.nytimes.com/2014/07/08/us/08northcarolina.html}
}

@article{plainview,
  title={Officials manipulate elections with polling location},
  author={Stinebaker, Joe},
  year={2007},
  journal={Plainview Daily Herald},
  note = "[Accessed February 22, 2020]",
  url = {https://www.myplainview.com/news/article/Officials-manipulate-elections-with-polling-8587538.php}
}


@article{kimballkropf,
  title={The Street-Level Bureaucrats of Elections: Selection
Methods for Local Election Officials},
  author={Kimball, David C and Martha Kropf},
  year={2006},
  volume={23},
  issue={6},
  journal={Review of Policy Research}
}




@article{cobbgriner,
  title={Can Voter ID Laws be Administered in a Race-Neutral Manner?  Evidence from the city of Boston in 2008},
  author={Cobb, Rachael V, D. James Greiner, and Kevin M. Quinn},
  year={2010},
  journal={Quarterly Journal of Political Science},
  volume={7},
  pages={1--33}
}

@article{atkeson,
  title={A New Barrier to Participation: Heterogenous Application of Voter Identification Policies},
  author={Atkeson, Lonna Rae, Lisa Ann Bryant, Kyle Saunders, Thad E. Hall, Michael Alvarez},
  year={2010},
  journal={Electoral Studies},
  volume={29},
    issue={10},
  pages={66--73}
}

@article{mohretal2019,
  title={Strategic Spending: Does Politics Influence Election Administration Expenditure?},
  author={Mohr, Zachary, and Pope, JoEllen V., and Kropf, Martha E., and Shepherd, Mary Jo},
  year={2019},
  journal={American Journal of Political Science},
    volume={63},
    issue={2},
  pages={427--438}
}

@article{mladenka,
  title={Citizen Demands and Urban Services: The Distribution of Bureaucratic Response in Chicago and Houston},
  author={Mladenka, Kenneth R},
  year={1981},
  journal={American Journal of Political Science},
  volume={25},
  issue={4},
    pages={693--714}
}

@misc{wsj2014,
  title={New Front Opens in Voter-Law Battles},
  author={Reinhard, Beth},
  year={2014},
  urldate = {2019-05-16},
  howpublished={\url{https://www.wsj.com/articles/new-front-opens-in-voter-law-battles-1400109316}},
  note = "[Accessed May 16, 2019]"
}

@article{gerber2017does,
  title={Does Incarceration Reduce Voting? Evidence about the Political Consequences of Spending Time in Prison},
  author={Gerber, Alan S and Huber, Gregory A and Meredith, Marc and Biggers, Daniel R and Hendry, David J},
  journal={The Journal of Politics},
  volume={79},
  number={4},
  pages={1130--1146},
  year={2017},
  publisher={University of Chicago Press Chicago, IL}
}

@article{porter2018partisanship,
  title={Partisanship, Bureaucratic Responsiveness, and Election Administration: Evidence from a Field Experiment},
  author={Porter, Ethan and Jon C. Rogowski},
  journal={Journal of Public Administration Research and Theory},
  year={2018},
    volume={28},
  number={4},
  pages={602--617},
  publisher={University of Chicago Press Chicago, IL}
}



@book{keyssar2009right,
  title={The Right to Vote: The Contested History of Democracy in the United States},
  author={Keyssar, Alexander},
  year={2009},
  publisher={Basic Books}
}

@article{herron2016precinct,
  title={Precinct Resources and Voter Wait Times},
  author={Herron, Michael C. and Smith, Daniel A.},
  journal={Electoral Studies},
  volume={42},
  pages={249--263},
  year={2016},
  publisher={Elsevier}
}


@article{herron2015precinct,
  title={Precinct Closing Times in Florida During the 2012 General Election},
  author={Herron, Michael C. and Smith, Daniel A.},
  journal={Election Law Journal},
  volume={14},
  number={3},
  pages={220--238},
  year={2015},
  publisher={Mary Ann Liebert, Inc. 140 Huguenot Street, 3rd Floor New Rochelle, NY 10801 USA}
}

@webpage{Seward:2018tc,
author = {Seward, Chris},
title = {{Republicans want lawmakers, not governor, to decide who oversees elections}},
year = {2018},
  urldate = {2019-05-16},
month = jun,
url = {https://www.newsobserver.com/news/politics-government/article213683029.html},
    note = "[Accessed May 16, 2019]"
}

@article{Spencer:2010uv,
author = {Spencer, Douglas M and Markovits, Zachary S},
title = {{Long Lines at Polling Stations? Observations from an Election Day Field Study
}},
journal = {Election Law Journal Rules, Politics, and Policy},
year = {2010},
volume = {9},
number = {1},
  pages={3--17},
}

@webpage{BrennanCenterforJustice:2018ux,
author = {{Brennan Center for Justice}},
title = {{The Effects of Shelby County v. Holder}},
year = {2018},
month = aug
}

@article{Ford:2017wi,
author = {Ford, Matt},
title = {{The Entirely Preventable Battles Raging Over Voting Rights}},
journal = {The Atlantic},
year = {2017},
  urldate = {2019-05-16},
      note = "[Accessed May 16, 2019]",
month = apr
}


@article{herron2014race,
  title={Race, Party, and the Consequences of Restricting Early Voting in Florida in the 2012 General Election},
  author={Herron, Michael C and Smith, Daniel A},
  journal={Political Research Quarterly},
  volume={67},
  number={3},
  pages={646--665},
  year={2014},
  publisher={SAGE Publications Sage CA: Los Angeles, CA}
}

@article{Uggen:2002th,
author = {Uggen, Christopher and Manza, Jeff},
title = {{Democratic Contraction? Political Consequences of Felon Disenfranchisement in the United States}},
journal = {American Sociological Review},
year = {2002},
volume = {67},
number = {6},
  pages={777--803}
}


@article{stewart2015waiting,
  title={Waiting to Vote},
  author={Stewart III, Charles and Ansolabehere, Stephen},
  journal={Election Law Journal},
  volume={14},
  number={1},
  pages={47--53},
  year={2015},
  publisher={Mary Ann Liebert, Inc. 140 Huguenot Street, 3rd Floor New Rochelle, NY 10801 USA}
}




@article{ansolabehere2005residual,
  title={Residual votes attributable to technology},
  author={Ansolabehere, Stephen and Stewart III, Charles},
  journal={Journal of Politics},
  volume={67},
  number={2},
  pages={365--389},
  year={2005},
  publisher={Wiley Online Library}
}


@article{grimmer2017comment,
  title={Comment on `Voter Identification Laws and the Suppression of Minority Votes'},
  author={Grimmer, Justin and Hersh, Eitan and Meredith, Marc and Mummolo, Jonathan and Nall, Clayton},
  journal={Manuscript (March)},
  year={2017}
}

@article{meredith2014voting,
  title={Do Voting Rights Notification Laws Increase Ex-felon Turnout?},
  author={Meredith, Marc and Morse, Michael},
  journal={The ANNALS of the American Academy of Political and Social Science},
  volume={651},
  number={1},
  pages={220--249},
  year={2014},
  publisher={Sage Publications Sage CA: Los Angeles, CA}
}

@article{meredith2011convenience,
  title={Convenience Voting can Affect Election Outcomes},
  author={Meredith, Marc and Malhotra, Neil},
  journal={Election Law Journal},
  volume={10},
  number={3},
  pages={227--253},
  year={2011},
  publisher={Mary Ann Liebert, Inc. 140 Huguenot Street, 3rd Floor New Rochelle, NY 10801 USA}
}


@article{berger2008contextual,
  title={Contextual priming: Where people vote affects how they vote},
  author={Berger, Jonah and Meredith, Marc and Wheeler, S. Christian},
  journal={Proceedings of the National Academy of Sciences},
  volume={105},
  number={26},
  pages={8846--8849},
  year={2008},
  publisher={National Acad Sciences}
}

@article{brady2011turning,
  title={Turning Out to Vote: The Costs of Finding and Getting to the Polling Place},
  author={Brady, Henry E and McNulty, John E},
  journal={American Political Science Review},
  volume={105},
  number={1},
  pages={115--134},
  year={2011},
  publisher={Cambridge University Press}
}


@book{verba1995voice,
  title={Voice and Equality: Civic Voluntarism in American Politics},
  author={Verba, Sidney and Schlozman, Kay Lehman and Brady, Henry E},
  year={1995},
  publisher={Harvard University Press}
}


@book{kropf,
  title={Helping America Vote: The limits of election reform},
  author={Kropf, Martha and David C. Kimball},
  year={2013},
  publisher={Routledge}
}


@book{jamesstatecraft,
  title={Elite Statecraft and Election Administration: Bending the Rules of the Game},
  author={James, Toby S},
  year={2012},
  publisher={Palgrave/Macmillan}
}


@article{ansolabehere2012movers,
  title={Movers, Stayers, and Registration: Why Age is Correlated with Registration in the US},
  author={Ansolabehere, Stephen Daniel},
  year={2012},
  publisher={now publishers}
}


@article{burnettprentice,
  title={An Explanation of How Partisanship Impacts Council-Manager Systems},
  author={Burnett, Craig M. and Christopher Prentice},
  year={2018},
  journal={Politics \& Policy},
  volume={46},
  issue={3},
    pages={392--415}
}


@article{fraga2010voting,
  title={Voting Costs and Voter Turnout in Competitive Elections},
  author={Fraga, Bernard and Hersh, Eitan},
    journal={Quarterly Journal of Political Science},
  volume={2010},
  number={5},
  pages={3339-356},
  year={2010}
}

@article{fraga2016examining,
  title={Examining the Causal Impact of the Voting Rights Act Language Minority Provisions},
  author={Fraga, Bernard L and Merseth, Julie Lee},
  journal={Journal of Race, Ethnicity and Politics},
  volume={1},
  number={1},
  pages={31--59},
  year={2016},
  publisher={Cambridge University Press}
}

@article{fraga2016redistricting,
  title={Redistricting and the causal impact of race on voter turnout},
  author={Fraga, Bernard L},
  journal={The Journal of Politics},
  volume={78},
  number={1},
  pages={19--34},
  year={2016},
  publisher={University of Chicago Press Chicago, IL}
}

@article{fraga2016candidates,
  title={Candidates or districts? Reevaluating the role of race in voter turnout},
  author={Fraga, Bernard L},
  journal={American Journal of Political Science},
  volume={60},
  number={1},
  pages={97--122},
  year={2016},
  publisher={Wiley Online Library}
}



@article{gimpel2003political,
  title={Political Participation and the Accessibility of the Ballot Box},
  author={Gimpel, James G and Schuknecht, Jason E},
  journal={Political Geography},
  volume={22},
  number={5},
  pages={471--488},
  year={2003},
  publisher={Elsevier}
}

@article{dyck2005distance,
  title={Distance, Turnout, and the Convenience of Voting},
  author={Dyck, Joshua J and Gimpel, James G},
  journal={Social Science Quarterly},
  volume={86},
  number={3},
  pages={531--548},
  year={2005},
  publisher={Wiley Online Library}
}

@article{hajnal2017voter,
  title={Voter identification laws and the suppression of minority votes},
  author={Hajnal, Zoltan and Lajevardi, Nazita and Nielson, Lindsay},
  journal={The Journal of Politics},
  volume={79},
  number={2},
  pages={363--379},
  year={2017},
  publisher={University of Chicago Press Chicago, IL}
}

@article{highton2017voter,
  title={Voter Identification Laws and Turnout in the United States},
  author={Highton, Benjamin},
  journal={Annual Review of Political Science},
  volume={20},
  pages={149--167},
  year={2017},
  publisher={Annual Reviews}
}

@article{highton2006long,
  title={Long Lines, Voting Machine Availability, and Turnout: The Case of Franklin County, Ohio in the 2004 Presidential Election},
  author={Highton, Benjamin},
  journal={PS: Political Science \& Politics},
  volume={39},
  number={1},
  pages={65--68},
  year={2006},
  publisher={Cambridge University Press}
}

@article{highton2004voter,
  title={Voter Registration and Turnout in the United States},
  author={Highton, Benjamin},
  journal={Perspectives on Politics},
  volume={2},
  number={3},
  pages={507--515},
  year={2004},
  publisher={Cambridge University Press}
}


@article{highton2000residential,
  title={Residential Mobility, Community Mobility, and Electoral Participation},
  author={Highton, Benjamin},
  journal={Political Behavior},
  volume={22},
  number={2},
  pages={109--120},
  year={2000},
  publisher={Springer}
}

@article{highton1997easy,
  title={Easy Registration and Voter Turnout},
  author={Highton, Benjamin},
  journal={The Journal of Politics},
  volume={59},
  number={2},
  pages={565--575},
  year={1997},
  publisher={University of Texas Press}
}

@article{burden2014election,
  title={Election Laws, Mobilization, and Turnout: The Unanticipated Consequences of Election Reform},
  author={Burden, Barry C and Canon, David T and Mayer, Kenneth R and Moynihan, Donald P},
  journal={American Journal of Political Science},
  volume={58},
  number={1},
  pages={95--109},
  year={2014},
  publisher={Wiley Online Library}
}

@article{burden2017complicated,
  title={The Complicated Partisan Effects of State Election Laws},
  author={Burden, Barry C and Canon, David T and Mayer, Kenneth R and Moynihan, Donald P},
  journal={Political Research Quarterly},
  volume={70},
  number={3},
  pages={564--576},
  year={2017},
  publisher={SAGE Publications Sage CA: Los Angeles, CA}
}



@article{burden2013selection,
  title={Selection method, partisanship, and the administration of elections},
  author={Burden, Barry C and Canon, David T and Lavertu, Stephane and Mayer, Kenneth R and Moynihan, Donald P},
  journal={American Politics Research},
  volume={41},
  number={6},
  pages={903--936},
  year={2013},
  publisher={SAGE Publications Sage CA: Los Angeles, CA}
}


@article{burden2013election,
  title={Election Administration and the Pure Effect of Voter Registration on Turnout},
  author={Burden, Barry C and Neiheisel, Jacob R},
  journal={Political Research Quarterly},
  volume={66},
  number={1},
  pages={77--90},
  year={2013},
  publisher={Sage Publications Sage CA: Los Angeles, CA}
}

@book{rosenstone1993mobilization,
  title={Mobilization, participation, and democracy in America},
  author={Rosenstone, Steven J and Hansen, John},
  year={1993},
  publisher={Macmillan Publishing Company}
}

@book{wolfinger1980votes,
  title={Who Votes?},
  author={Wolfinger, Raymond E and Rosenstone, Steven J},
  year={1980},
  publisher={Yale University Press}
}

@article{rosenstone1978effect,
  title={The Effect of Registration Laws on Voter Turnout},
  author={Rosenstone, Steven J and Wolfinger, Raymond E},
  journal={American Political Science Review},
  volume={72},
  number={1},
  pages={22--45},
  year={1978},
  publisher={Cambridge University Press}
}

@article{anzia2011election,
  title={Election timing and the electoral influence of interest groups},
  author={Anzia, Sarah F},
  journal={The Journal of Politics},
  volume={73},
  number={2},
  pages={412--427},
  year={2011},
  publisher={Cambridge University Press New York, USA}
}

@article{gerber2008social,
  title={Social pressure and voter turnout: Evidence from a large-scale field experiment},
  author={Gerber, Alan S and Green, Donald P and Larimer, Christopher W},
  journal={American Political Science Review},
  volume={102},
  number={1},
  pages={33--48},
  year={2008},
  publisher={Cambridge University Press}
}

@book{hanmer2009discount,
  title={Discount Voting: Voter Registration Reforms and their Effects},
  author={Hanmer, Michael J},
  year={2009},
  publisher={Cambridge University Press}
}

@book{leighley2013votes,
  title={Who Votes Now?: Demographics, Issues, Inequality, and Turnout in the United States},
  author={Leighley, Jan E and Nagler, Jonathan},
  year={2013},
  publisher={Princeton University Press}
}

@article{mcdonald2001myth,
  title={The myth of the vanishing voter},
  author={McDonald, Michael P and Popkin, Samuel L},
  journal={American Political Science Review},
  volume={95},
  number={4},
  pages={963--974},
  year={2001},
  publisher={Cambridge University Press}
}

@article{powell1986american,
  title={American Voter Turnout in Comparative Perspective},
  author={Powell, G Bingham},
  journal={American Political Science Review},
  volume={80},
  number={1},
  pages={17--43},
  year={1986},
  publisher={Cambridge University Press}
}

@article{riker1968theory,
  title={A Theory of the Calculus of Voting},
  author={Riker, William H and Ordeshook, Peter C},
  journal={American Political Science Review},
  volume={62},
  number={1},
  pages={25--42},
  year={1968},
  publisher={Cambridge University Press}
}

@article{white2015need,
  title={What do I need to Vote? Bureaucratic Discretion and Discrimination by Local Election Officials},
  author={White, Ariel R and Nathan, Noah L and Faller, Julie K},
  journal={American Political Science Review},
  volume={109},
  number={1},
  pages={129--142},
  year={2015},
  publisher={Cambridge University Press}
}



@article{haspel2005location,
  title={Location, Location, Location: Precinct Placement and the Costs of Voting},
  author={Haspel, Moshe and Knotts, H Gibbs},
  journal={The Journal of Politics},
  volume={67},
  number={2},
  pages={560--573},
  year={2005},
  publisher={Cambridge University Press New York, USA}
}

@article{barreto2009disproportionate,
  title={The Disproportionate Impact of Voter-ID Requirements on the Electorate: New Evidence from Indiana},
  author={Barreto, Matt A and Nuno, Stephen A and Sanchez, Gabriel R},
  journal={PS: Political Science \& Politics},
  volume={42},
  number={1},
  pages={111--116},
  year={2009},
  publisher={Cambridge University Press}
}


@article{barreto2009all,
  title={Are All Precincts Created Equal? The Prevalence of Low-Quality Precincts in Low-Income and Minority Communities},
  author={Barreto, Matt A and Cohen-Marks, Mara and Woods, Nathan D},
  journal={Political Research Quarterly},
  volume={62},
  number={3},
  pages={445--458},
  year={2009},
  publisher={Sage Publications Sage CA: Los Angeles, CA}
}

@article{hicks2015principle,
  title={A Principle or a Strategy? Voter Identification Laws and Partisan Competition in the American States},
  author={Hicks, William D and McKee, Seth C and Sellers, Mitchell D and Smith, Daniel A},
  journal={Political Research Quarterly},
  volume={68},
  number={1},
  pages={18--33},
  year={2015},
  publisher={SAGE Publications Sage CA: Los Angeles, CA}
}

@article{citrin2014effects,
  title={The Effects of Voter ID Notification on Voter Turnout: Results from a Large-Scale Field Experiment},
  author={Citrin, Jack and Green, Donald P and Levy, Morris},
  journal={Election Law Journal},
  volume={13},
  number={2},
  pages={228--242},
  year={2014},
  publisher={Mary Ann Liebert, Inc. 140 Huguenot Street, 3rd Floor New Rochelle, NY 10801 USA}
}

@book{downs1957,
  title={An Economic Theory of Democracy},
  author={Downs, Anthony},
  year={1957},
  publisher={Harper}
}

@article{Donahue:LYYmQwjD,
author = {Donahue, Shawn J},
journal = {Working Paper},
title = {{The Re-Precincting of Louisiana after Shelby County: Was Race a Factor?}},
year = {2017},
url = {http://www.shawndonahue13.com/uploads/9/7/4/6/97469540/louisiana\_paper\_for\_southern-\_donahue.pdf}
}


@misc{berman2016,
author = {Berman, Ari},
booktitle = {The Nation},
title = {{There Are 868 Fewer Places to Vote in 2016 Because the Supreme Court Gutted the Voting Rights Act}},
url = {https://www.thenation.com/article/there-are-868-fewer-places-to-vote-in-2016-because-the-supreme-court-gutted-the-voting-rights-act/},
urldate = {2018-02-18},
year = {2016},
    note = "[Accessed May 16, 2019]"
}

@article{Acharya:2016tn,
author = {Acharya, Avidit and Blackwell, Matthew and Sen, Maya},
title = {{The Political Legacy of American Slavery}},
journal = {Journal of Politics},
year = {2016},
volume = {78},
number = {3}
}


@misc{roth2015x,
author = {Roth, Zachary},
booktitle = {NBC News},
title = {{Study: North Carolina Polling Site Changes Hurt Blacks}},
url = {https://www.nbcnews.com/news/nbcblk/study-north-carolina-polling-site-changes-hurt-blacks-n468251},
urldate = {2018-02-18},
year = {2015},
    note = "[Accessed May 16, 2019]"
}

@misc{ap2018,
author = {The Associated Press},
booktitle = {Winston-Salem Journal},
title = {{AP Explains: Why is N.C. election board fight still unsettled?}},
url = {http://www.journalnow.com/news/elections/ap-explains-why-is-n-c-election-board-fight-still/article\_3a35496b-eb8a-5dce-8573-51fd137d47fe.html},
urldate = {2018-02-18},
year = {2018},
    note = "[Accessed May 16, 2019]"
}

@article{Graham:2016wq,
author = {Graham, David A},
title = {{North Carolina's Deliberate Disenfranchisement of Black Voters}},
journal = {The Atlantic},
urldate = {2018-02-18},
year = {2016},
    note = "[Accessed May 16, 2019]"
}

@book{Rothstein:2017vc,
author = {Rothstein, Richard},
title = {{The Color of Law: A Forgotten History of How Our Government Segregated America}},
publisher = {Liveright Publishing Corporation},
year = {2017},
address = {New York}
}

@article{Nall:2015gu,
author = {Nall, Clayton},
title = {{The Political Consequences of Spatial Policies: How Interstate Highways Facilitated Geographic Polarization}},
journal = {The Journal of Politics},
year = {2015},
volume = {77},
number = {2},
pages = {394--406},
month = oct
}

@article{GrimmerEtAl,
author = {Grimmer, Justin and Hersh, Eitan and Meredith, Marc and Mummolo, Jonathan and Nall, Clayton},
title = {{Obstacles to Estimating Voter ID Laws' Effect on Turnout}},
journal = {The Journal of Politics},
year = {2018},
volume = {80},
number = {3}
}




@webpage{Stern:2018tr,
author = {Stern, Mark Joseph},
title = {{The South Will Disenfranchise Again}},
year = {2018},
month = sep,
url = {https://slate.com/news-and-politics/2018/08/randolph-county-georgia-2018-election-how-the-supreme-courts-gutting-of-the-voting-rights-act-allows-states-to-disenfranchise-black-voters.html},
urldate = {2018-02-18},
    note = "[Accessed May 16, 2019]"
}

@webpage{USAToday:2018tr,
author = {Nicholas, Mark},
title = {{Closed voting sites hit minority counties harder for busy midterm elections}},
year = {2018},
month = oct,
url = {https://www.usatoday.com/story/news/2018/10/30/midterm-elections-closed-voting-sites-impact-minority-voter-turnout/1774221002},
urldate = {2018-02-18},
    note = "[Accessed May 16, 2019]"

}

@article{StewartIII:2015hy,
author = {Stewart III, Charles and Ansolabehere, Stephen},
title = {{Waiting to Vote}},
journal = {Election Law Journal Rules, Politics, and Policy},
year = {2015},
volume = {14},
number = {1},
pages = {47--53},
month = mar
}

@webpage{Phipps:2014ur,
author = {Phipps, Molly},
title = {{Voting precinct merger divides community, passes 2-1}},
year = {2014},
urldate = {2018-02-18},
month = jul,
url = {http://www.shelbystar.com/20140708/voting-precinct-merger-divides-community-passes-2-1/307089846},
    note = "[Accessed May 16, 2019]"

}

@misc{stern2018,
author = {Stern, Mark Joseph},
booktitle = {Slate.com},
title = {{North Carolina Supreme Court Strikes Down GOP Attempt to Control Elections Board}},
url = {https://slate.com/news-and-politics/2018/01/north-carolina-supreme-court-strikes-down-gop-elections-board-power-grab.html},
urldate = {2018-02-18},
year = {2018},
    note = "[Accessed May 16, 2019]"
}

@webpage{Vasilogambros:2018wu,
author = {Vasilogambros, Matt},
title = {{Polling Places Remain a Target Ahead of November Elections}},
year = {2018},
urldate = {2018-02-18},
month = sep,
url = {https://www.pewtrusts.org/en/research-and-analysis/blogs/stateline/2018/09/04/polling-places-remain-a-target-ahead-of-november-elections},
    note = "[Accessed May 16, 2019]"
}


@webpage{Blackwell:2018uq,
author = {Blackwell, Victor and Sayers, Devon M and Kirkland, Pamela},
title = {{Elections board takes less than a minute to reject proposal to close 7 of 9 polling places in majority-black county}},
year = {2018},
urldate = {2019-02-18},
month = sep,
url = {https://www.cnn.com/2018/08/24/us/randolph-county-polling-closures-vote/index.html?no-st=1536264077},
    note = "[Accessed May 16, 2019]"
}


@misc{michaelson2016,
author = {Michaelson, Jay},
booktitle = {The Daily Beast},
title = {{North Carolina GOP Brags Racist Voter Suppression is Working---and They're Right}},
url = {https://www.thedailybeast.com/north-carolina-gop-brags-racist-voter-suppression-is-workingand-theyre-right},
urldate = {2018-02-20},
year = {2016},
    note = "[Accessed May 16, 2019]"
}

@misc{vasilogambros2018,
author = {Vasilogambros, Matt},
booktitle = {Huffpost},
title = {{Voting Lines Are Shorter ? But Mostly For Whites}},
url = {https://www.huffingtonpost.com/entry/voting-lines-are-shorter-but-mostly-for-whites_us_5a85a1bbe4b00e7aba2d2978},
urldate = {2018-02-18},
year = {2018},
    note = "[Accessed May 16, 2019]"
}


@misc{gargan2017,
author = {Gargan, Henry},
booktitle = {The News \& Observer},
title = {{With more polling places, Wake County's early-voting turnout sets record}},
url = {http://www.newsobserver.com/news/local/counties/wake-county/article177852651.html},
urldate = {2018-02-18},
year = {2017},
    note = "[Accessed May 16, 2019]"
}

@article{oliver1996effects,
  title={The effects of eligibility restrictions and party activity on absentee voting and overall turnout},
  author={Oliver, J Eric},
  journal={American Journal of Political Science},
  pages={498--513},
  year={1996},
  publisher={JSTOR}
}

@article{nagler1991effect,
  title={The effect of registration laws and education on US voter turnout},
  author={Nagler, Jonathan},
  journal={The American Political Science Review},
  pages={1393--1405},
  year={1991},
  publisher={JSTOR}
}

@article{hershey2009we,
  title={What We know about voter-ID laws, registration, and turnout},
  author={Hershey, Marjorie Randon},
  journal={PS: Political Science \& Politics},
  volume={42},
  number={1},
  pages={87--91},
  year={2009},
  publisher={Cambridge University Press}
}

@article{alvarez2008effect,
  title={The effect of voter identification laws on turnout},
  author={Alvarez, R Michael and Bailey, Delia and Katz, Jonathan},
  year={2008}
}

@article{atkeson2010new,
  title={A New Barrier to Participation: Heterogeneous Application of Voter Identification Policies},
  author={Atkeson, Lonna Rae and Bryant, Lisa Ann and Hall, Thad E and Saunders, Kyle and Alvarez, Michael},
  journal={Electoral Studies},
  volume={29},
  number={1},
  pages={66--73},
  year={2010},
  publisher={Elsevier}
}

@article{cantoni2016,
  title={A Precinct Too Far: Turnout and Voting Costs},
  author={Cantoni, Enrico},
  year={2016},
  url={http://economics.mit.edu/files/11997},
  journal={working paper}
}


@book{cain2014democracy,
  title={Democracy More or Less},
  author={Cain, Bruce E},
  year={2014},
  publisher={Cambridge University Press}
}



@article{kimball2006helping,
  title={Helping America Vote? Election Administration, Partisanship, and Provisional Voting in the 2004 election},
  author={Kimball, David C and Kropf, Martha and Battles, Lindsay},
  journal={Election Law Journal},
  volume={5},
  number={4},
  pages={447--461},
  year={2006},
  publisher={Mary Ann Liebert, Inc. 2 Madison Avenue Larchmont, NY 10538 USA}
}


@misc{campbell2016,
author = {Campbell, Colin},
booktitle = {The News Observer},
title = {{NC Republican Party seeks `party line changes' to limit early voting hours}},
url = {http://www.newsobserver.com/news/politics-government/election/article96179857.html},
urldate = {2018-03-27},
year = {2016},
    note = "[Accessed Mar 27, 2018]"
}


@article{dropp2018,
  title={Polling Place Hours and Voter Turnout},
  author={Dropp, Kyle A.},
  year={2018}
}


@article{dropp2013,
  title={Voter Identification Laws and Voter Turnout},
  author={Dropp, Kyle A.},
  year={2013}
}



@article{bergman2011changing,
  title={Changing Election Methods: How Does Mandated Vote-by-Mail Affect Individual Registrants?},
  author={Bergman, Elizabeth and Yates, Philip A},
  journal={Election Law Journal},
  volume={10},
  number={2},
  pages={115--127},
  year={2011},
  publisher={Mary Ann Liebert, Inc. 140 Huguenot Street, 3rd Floor New Rochelle, NY 10801 USA}
}


@article{amos2017reprecincting,
  title={Reprecincting and Voting Behavior},
  author={Amos, Brian and Smith, Daniel A and Ste Claire, Casey},
  journal={Political Behavior},
  volume={39},
  number={1},
  pages={133--156},
  year={2017},
  publisher={Springer}
}

@article{michelson2012effect,
  title={The Effect of Prepaid Postage on Turnout: A Cautionary Tale for Election Administrators},
  author={Michelson, Melissa R and Malhotra, Neil and Healy, Andrew and Green, Donald P and Carnegie, Allison and Valenzuela, Ali Adam},
  journal={Election Law Journal},
  volume={11},
  number={3},
  pages={279--290},
  year={2012},
  publisher={Mary Ann Liebert, Inc. 140 Huguenot Street, 3rd Floor New Rochelle, NY 10801 USA}
}



@article{gerber2013identifying,
  title={Identifying the Effect of All-Mail Elections on Turnout: Staggered Reform in the Evergreen State},
  author={Gerber, Alan S and Huber, Gregory A and Hill, Seth J},
  journal={Political Science Research and Methods},
  volume={1},
  number={1},
  pages={91--116},
  year={2013},
  publisher={Cambridge University Press}
}

@article{arceneaux2012get,
  title={Get Out the Vote-by-Mail? A Randomized Field Experiment Testing the Effect of Mobilization in Traditional and Vote-by-Mail Precincts},
  author={Arceneaux, Kevin and Kousser, Thad and Mullin, Megan},
  journal={Political Research Quarterly},
  volume={65},
  number={4},
  pages={882--894},
  year={2012},
  publisher={Sage Publications Sage CA: Los Angeles, CA}
}


@book{Kousser:1974ty,
author = {Kousser, J Morgan},
title = {{The Shaping of Southern Politics: Suffrage Restriction and the Establishment of the One-Party South, 1880-1910}},
publisher = {Yale University Press},
year = {1974},
address = {New Haven, CT}
}

@article{kousser2007does,
  title={Does Voting by Mail Increase Participation? Using Matching to Analyze a Natural Experiment},
  author={Kousser, Thad and Mullin, Megan},
  journal={Political Analysis},
  volume={15},
  number={4},
  pages={428--445},
  year={2007},
  publisher={Oxford University Press}
}


@article{plutzer2002becoming,
  title={Becoming a Habitual Voter: Inertia, Resources, and Growth in Young Adulthood},
  author={Plutzer, Eric},
  journal={American Political Science Review},
  volume={96},
  number={1},
  pages={41--56},
  year={2002},
  publisher={Cambridge University Press}
}


@article{malhotra2011text,
  title={Text Messages as Mobilization Tools: The Conditional Effect of Habitual Voting and Election Salience},
  author={Malhotra, Neil and Michelson, Melissa R and Rogers, Todd and Valenzuela, Ali Adam},
  journal={American Politics Research},
  volume={39},
  number={4},
  pages={664--681},
  year={2011},
  publisher={SAGE Publications Sage CA: Los Angeles, CA}
}



@article{squire1987residential,
  title={Residential Mobility and Voter Turnout},
  author={Squire, Peverill and Wolfinger, Raymond E and Glass, David P},
  journal={American Political Science Review},
  volume={81},
  number={1},
  pages={45--65},
  year={1987},
  publisher={Cambridge University Press}
}

@article{cho2006residential,
  title={Residential Concentration, Political Socialization, and Voter Turnout},
  author={Cho, Wendy K Tam and Gimpel, James G and Dyck, Joshua J},
  journal={Journal of Politics},
  volume={68},
  number={1},
  pages={156--167},
  year={2006},
  publisher={Wiley Online Library}
}



@article{brody1977life,
  title={From Life Space to Polling Place: The Relevance of Personal Concerns for Voting Behavior},
  author={Brody, Richard A and Sniderman, Paul M},
  journal={British Journal of Political Science},
  volume={7},
  number={3},
  pages={337--360},
  year={1977},
  publisher={Cambridge University Press}
}


@article{gerber2003voting,
  title={Voting may be Habit-Forming: Evidence from a Randomized Field Experiment},
  author={Gerber, Alan S and Green, Donald P and Shachar, Ron},
  journal={American Journal of Political Science},
  volume={47},
  number={3},
  pages={540--550},
  year={2003},
  publisher={Wiley Online Library}
}

@misc{insightus2016,
author = {insightus},
booktitle = {Insight-US.org},
title = {{Voter Suppression's Last Stand: North Carolina's New Jim Crow Counties}},
url = {http://insight-us.org/fair-places-2016-pt-1.html},
urldate = {2018-04-22},
year = {2016},
    note = "[Accessed April 22, 2018]"
}


@misc{roth2016c,
author = {Roth, Zachary},
booktitle = {NBC News},
title = {{Analysis: North Carolina Counties That Cut Early Voting Sites See Lower Turnout }},
url = {https://www.nbcnews.com/politics/2016-election/analysis-north-carolina-counties-cut-early-voting-sites-see-lower-n671246},
urldate = {2018-04-22},
year = {2016},
    note = "[Accessed April 22, 2018]"
}

@misc{knafo2013,
author = {Knafo, Saki},
booktitle = {The Huffington Post},
title = {{Voting Rights of Black Americans Trampled by `New Jim Crow,' Civil Rights Advocates Say  }},
url = {https://www.huffingtonpost.com/2013/07/25/black-america-2013\_n\_3647789.html},
urldate = {2018-04-22},
year = {2013},
    note = "[Accessed April 22, 2018]"
}

@misc{ingraham2016,
author = {Ingraham, Christopher},
booktitle = {The Washington Post},
title = {{The `smoking gun' proving North Carolina Republicans tried to disenfranchise black voters  }},
url = {https://www.washingtonpost.com/news/wonk/wp/2016/07/29/the-smoking-gun-proving-north-carolina-republicans-tried-to-disenfranchise-black-voters/?noredirect=on\&utm\_term=.07df8ac86726},
urldate = {2018-04-22},
year = {2016},
    note = "[Accessed April 22, 2018]"
}


@misc{jacobs,
author = {Jacobs, Julia},
booktitle = {The New York Times},
title = {{In North Carolina, Voting Controversies Are Common. Here’s the Recent History.  }},
url = {https://www.nytimes.com/2018/12/13/us/politics/north-carolina-voting-rights.html},
urldate = {2019-05-29},
year = {2018},
    note = "[Accessed April 23, 2019]"
}


@article{berinksy2005reform,
  title={The Perverse Consequences of Electoral Reform},
  author={Berinsky, Adam J.},
  journal={American Politics Research},
  volume={33},
  number={4},
  pages={471--491},
  year={2005},
  publisher={Wiley Online Library}
}

@article{reeves2011political,
  title={Political Disaster: Unilateral Powers, Electoral Incentives, and Presidential Disaster Declarations},
  author={Reeves, Andrew},
  journal={The Journal of Politics},
  volume={73},
  number={4},
  pages={1142--1151},
  year={2011},
  publisher={Cambridge University Press New York, USA}
}

@book{kriner2015particularistic,
  title={The Particularistic President: Executive Branch Politics and Political Inequality},
  author={Kriner, Douglas L and Reeves, Andrew},
  year={2015},
  publisher={Cambridge University Press}
}

@book{shaw2008race,
  title={The Race to 270: The Electoral College and the Campaign Strategies of 2000 and 2004},
  author={Shaw, Daron R},
  year={2008},
  publisher={University of Chicago Press}
}

@article{clinton2018,
  title={Polling Place Changes and Political Participation: The Effect of Election Administration in North Carolina in Presidential Elections, 2008-2016},
  author={Clinton, Joshua D. and Eubank, Nicholas and Fresh, Adriane and Shepherd, Michael E.},
  url = {http://www.nickeubank.com/wp-content/uploads/2018/05/PollingPlaceChanges\_ClintonEubankFreshShepherd.pdf},
  year={2018}
}



@book{carmines1989issue,
  title={Issue Evolution: Race and the Transformation of American Politics},
  author={Carmines, Edward G and Stimson, James A},
  year={1989},
  publisher={Princeton University Press}
}

@book{tesler2010obama,
  title={Obama's Race: The 2008 Election and the Dream of a Post-Racial America},
  author={Tesler, Michael and Sears, David O},
  year={2010},
  publisher={University of Chicago Press}
}

@book{key1949southern,
  title={Southern Politics},
  author={Key Jr, VO},
  year={1949},
  publisher={New York: Alfred A. Knopf}
}

@book{schickler2016racial,
  title={Racial Realignment: The Transformation of American Liberalism, 1932--1965},
  author={Schickler, Eric},
  year={2016},
  publisher={Princeton University Press}
}


@article{bartels1998ducks,
  title={Where the ducks are: Voting power in a party system},
  author={Bartels, Larry M},
  journal={Politicians and Party Politics},
  pages={43--79},
  year={1998},
  publisher={Johns Hopkins University Press}
}


@article{burdenstew2014,
  title={Introduction to the Measure of American Elections},
  author={Burden, Barry C. and Stewart III, Charles},
  journal={The Measure of American Elections},
  pages={1--39},
  year={2014},
  publisher={New York: Cambridge University Press}
}

@article{pettigrew2017racial,
  title={The Racial Gap in Wait Times: Why Minority Precincts Are Underserved by Local Election Officials},
  author={Pettigrew, Stephen},
  journal={Political Science Quarterly},
  volume={132},
  number={3},
  pages={527--547},
  year={2017}
}


@article{freshvra2018,
  title={The Effect of Section 5 Coverage on Enfranchisement: Evidence from North Carolina},
  author={Fresh, Adriane},
  journal={Journal of Politics},
  year={2018}
}

@book{levitsky2018,
  title={How Democracies Die},
  author={Levitsky, Steven and Ziblatt, Daniel},
  year={2018},
  publisher={New York: Crown}
}


@article{ncprecincts,
  title={Measuring the Effectiveness of the Voting Rights Act: An Examination of Precincts in North Carolina},
  author={Donahue, Shawn},
  year={2018},
  url = {http://www.shawndonahue13.com/uploads/9/7/4/6/97469540/north\_carolina\_precinct\_paper\_for\_apr.pdf},
      note = "[Accessed May 22, 2019]"
}

@article{campbell2016c,
author = {Campbell, Colin},
journal = {The News \& Observer},
title = {Early Voting Reduced in 23 NC counties; 9 drop Sunday voting after NCGOP memo},
url = {https://www.newsobserver.com/news/politics-government/election/article100284162.html},
urldate = {2018-04-22},
year = {2016},
month = {September 6},
      note = "[Accessed May 22, 2019]"
}

@misc{leadershipcoun2016,
author = {The Leadership Council Education Fund},
booktitle = {The Great Poll Closure},
title = {{The Great Poll Closure}},
url = {http://civilrightsdocs.info/pdf/reports/2016/poll-closure-report-web.pdf},
urldate = {2018-05-13},
year = {2016},
      note = "[Accessed May 22, 2019]"
}

@misc{NAACPLegalDefenseFund2016,
author = {NAACP Legal Defense Fund},
title = {{Democracy Diminished}},
url = {https://www.naacpldf.org/wp-content/uploads/Democracy-Diminished-State-and-Local\_Threats-to-Voting\_Post-Shelby-County,Alabama-v.Holder\_\_Political\_Participation\_\_.pdf},
urldate = {2019-05-24},
year = {2016},
      note = "[Accessed May 22, 2019]"
}



@article{Benjamini:2006gd,
author = {Benjamini, Yoav and Krieger, Abba M and Yekutieli, Daniel},
title = {{Adaptive linear step-up procedures that control the false discovery rate}},
journal = {Biometrika},
year = {2006},
volume = {93},
number = {3},
pages = {491--507},
month = sep
}

@article{Camerer:2018de,
author = {Camerer, Colin F and Dreber, Anna and Holzmeister, Felix and Ho, Teck-Hua and Huber, J{\"u}rgen and Johannesso, Magnus and Kirchler, Michael and Nave, Gideon and Nosek, Brian A and Pfeiffer, Thomas and Altmejd, Adam and Buttrick, Nick and Chan, Taizan and Chen, Yiling and Forsell, Eskil and Gampa, Anup and Heikensten, Emma and Hummer, Lily and Imai, Taisuke and Isaksson, Siri and Manfredi, Dylan and Rose, Julia and Wagenmakers, Eric-Jan and Wu, Hang},
title = {{Evaluating the replicability of social science experiments in Nature and Science between 2010 and 2015}},
journal = {Nature Human Behaviour},
year = {2018},
volume = {2},
number = {9},
pages = {637--644},
month = sep
}

@article{phillips2016,
author = {Phillips, Amber},
journal = {The Washington Post},
title = {North Carolina Gov. Pat McCrory (R) concedes closely contested governor's race},
url = {https://www.washingtonpost.com/news/the-fix/wp/2016/12/05/north-carolina-gov-pat-mccrory-r-concedes-closely-contested-governors-race/?noredirect=on\&utm\_term=.f363a5e0b7d7},
urldate = {2019-05-24},
year = {2016},
month = {December 5},
      note = "[Accessed May 22, 2019]"
}


@article{ncsl2016,
author = {NCSL},
journal = {NCSL.ORG},
title = {Election Administration at State and Local Levels},
url = {http://www.ncsl.org/research/elections-and-campaigns/election-administration-at-state-and-local-levels.aspx},
urldate = {2019-05-24},
year = {2016},
month = {June 15},
      note = "[Accessed May 22, 2019]"
}
